@inproceedings{properWS@wwv-12,
  author = {Leonidas Lampropoulos and Kostis Sagonas},
  title = {Automatic WSDL-guided Test Case Generation for PropEr Testing of Web Services},
  series = {WWV '12},
  year = {2012}
}

@inproceedings{monadWS@AST-11,
 author = {Zhang, Yingzhou and Fu, Wei and Nie, Changhai},
 title = {monadWS: a monad-based testing tool for web services},
 booktitle = {Proceedings of the 6th International Workshop on Automation of Software Test},
 series = {AST '11},
 year = {2011},
 isbn = {978-1-4503-0592-1},
 location = {Waikiki, Honolulu, HI, USA},
 pages = {111--112},
 numpages = {2},
 url = {http://doi.acm.org/10.1145/1982595.1982622},
 doi = {10.1145/1982595.1982622},
 acmid = {1982622},
 publisher = {ACM},
 address = {New York, NY, USA},
 keywords = {automated testing, monads, testing tool, web service},
}

@inproceedings{bartolini@ICSOC-08,
 author = {Bartolini, Cesare and Bertolino, Antonia and Marchetti, Eda and Polini, Andrea},
 title = {Towards Automated WSDL-Based Testing of Web Services},
 booktitle = {Proceedings of the 6th International Conference on Service-Oriented Computing},
 series = {ICSOC '08},
 year = {2008},
 isbn = {978-3-540-89647-0},
 location = {Sydney, Australia},
 pages = {524--529},
 numpages = {6},
 url = {http://dx.doi.org/10.1007/978-3-540-89652-4\_41},
 doi = {10.1007/978-3-540-89652-4\_41},
 acmid = {1484757},
 publisher = {Springer-Verlag},
 address = {Berlin, Heidelberg},
} 

@InProceedings{taxi@IC-08,
 author = {Cesare Bartolini and Antonia Bertolino and Eda Marchetti and Andrea Polini},
 title = {WS-TAXI: A WSDL-based Testing Tool for Web Services},
 booktitle = {International Conference on Software Testing, Verification, and Validation},
 isbn = {978-0-7695-3601-9},
 year = {2009},
 pages = {326--335},
 url = {http://doi.ieeecomputersociety.org/10.1109/ICST.2009.28},
 publisher = {IEEE Computer Society},
 address = {Los Alamitos, CA, USA},
}

@INPROCEEDINGS{wsdltest@IEEE06,
 author = {Sneed, H. M. and Shihong Huang},
 booktitle = {Eighth IEEE International Symposium on Web Site Evolution, WSE '06},
 title = {WSDLTest - A Tool for Testing Web Services},
 year = {2006},
 month = sep,
 pages = {14--21},
 doi = {10.1109/WSE.2006.24},
 ISSNi = {1550-4441}
}

@InProceedings{automated@IC-08,
 author = {Chunyan Ma and Chenglie Du and Tao Zhang and Fei Hu and Xiaobin Cai},
 title = {WSDL-Based Automated Test Data Generation for Web Service},
 booktitle = {International Conference on Computer Science and Software Engineering},
 year = {2008},
 month = dec,
 pages = {731--737},
 doi = {10.1109/CSSE.2008.790},
}

@inproceedings{partition@AST-07,
 author = {Bertolino, Antonia and Gao, Jinghua and Marchetti, Eda and Polini, Andrea},
 title = {Automatic Test Data Generation for XML Schema-based Partition Testing},
 booktitle = {Proceedings of the Second International Workshop on Automation of Software Test},
 series = {AST '07},
 year = {2007},
 isbn = {0-7695-2971-2},
 pages = {4--},
 url = {http://dx.doi.org/10.1109/AST.2007.6},
 doi = {10.1109/AST.2007.6},
 acmid = {1270257},
 publisher = {IEEE Computer Society},
 address = {Washington, DC, USA},
} 

@incollection{SOATesting@springerlink-09,
  author = {Canfora, Gerardo and Di Penta, Massimiliano},
  title = {Service-Oriented Architectures Testing: A Survey},
  booktitle = {Software Engineering},
  series = {Lecture Notes in Computer Science},
  editor = {De Lucia, Andrea and Ferrucci, Filomena},
  publisher = {Springer},
  address = {Berlin, Heidelberg},
  isbn = {978-3-540-95887-1},
  pages = {78-105},
  volume = {5413},
  url = {http://dx.doi.org/10.1007/978-3-540-95888-8\_4},
  doi = {10.1007/978-3-540-95888-8\_4},
  year = {2009}
}

@InProceedings{ws_quickcheck,
  author = {Yingzhou Zhang and Wei Fu and Junyan Qian},
  title = {Automatic Testing of Web Services in Haskell Platform},
  year = {2010},
  ee = "http://www.Jofcis.com"
} 

@InProceedings{PropErTypes@Erlang-11,
  author = "Manolis Papadakis and Konstantinos Sagonas",
  title  = "A {PropEr} Integration of Types and Function Specifications
            with Property-Based Testing",
  pages  = "39--50",
  booktitle = "Proceedings of the 2011 ACM SIGPLAN Erlang Workshop",
  month  = sep,
  year   = "2011",
  address = "New York, NY",
  publisher = "ACM Press"
}

@misc{soapUI,
  key = {soapUI},
  title = {{soapUI}: The Swiss-Army Knife of Testing},
  ee = "http://www.soapui.org/"
}

@misc{wsdl_spec,
  key = {WSDL},
  author = {Erik Christensen and Francisco Curbera and Greg Meredith and Sanjiva Weerawarana},
  title = {Web Services Description Language (WSDL) 1.1},
  year = 2001,
  month = mar,
  url = "http://www.w3.org/TR/wsdl"
}

@misc{xsd_structure_spec,
  key = {xsd-structure},
  author = {Shudi Gao and C. M. Sperberg-McQueen and Henry S. Thompson},
  title = {W3C XML Schema Definition Language (XSD) 1.1 Part 1: Structures},
  year = 2012,
  month = jan,
  url = "http://www.w3.org/TR/xmlschema11-1/"
}

@misc{xsd_datatypes_spec,
  key = {xsd-datatypes},
  author = {David Peterson and Shudi Gao and Ashok Malhotra and C. M. Sperberg-McQueen and Henry S. Thompson},
  year = 2012,
  month = jan,
  title = {W3C XML Schema Definition Language (XSD) 1.1 Part 2: Datatypes},
  url = "http://www.w3.org/TR/xmlschema11-2/"
}

@misc{proper_tool,
  key = {PropEr},
  title = {{PropEr}: A QuickCheck-Inspired Property-Based Testing Tool for Erlang},
  url = "http://proper.softlab.ntua.gr"
}

@misc{yaws,
  key = {YAWS},
  title = {Yaws: yet another web server},
  url = "http://yaws.hyber.org/"
}

@misc{xmerl,
  key = {xmerl},
  title = {xmerl reference manual},
  url = "http://www.erlang.org/doc/apps/xmerl/index.html"
}
